
@article{rees1998,
	title = {Guest Editorial},
	author = {{Rees}, {P} and {Turton}, {I}},
	year = {1998},
	month = {10},
	date = {1998-10},
	journal = {Environment and Planning A: Economy and Space},
	pages = {1835--1838},
	volume = {30},
	number = {10},
	doi = {10.1068/a301835},
	url = {http://dx.doi.org/10.1068/a301835},
	langid = {en}
}
@book{geocompu2000,
	title = {Geocomputation},
	editor = {{Abrahart}, {Robert J.} and {Openshaw}, {Stan} and {Abrahart}, {Robert J.} and {See}, {Linda M.}},
	year = {2000},
	month = {05},
	date = {2000-05-04},
	publisher = {CRC Press},
	doi = {10.4324/9780203305805},
	url = {http://dx.doi.org/10.4324/9780203305805}
}

@book{cressie1993,
	title = {Statistics for Spatial Data},
	author = {{Cressie}, {Noel A. C.}},
	year = {1993},
	month = {09},
	date = {1993-09-10},
	publisher = {John Wiley & Sons, Inc.},
	doi = {10.1002/9781119115151},
	url = {http://dx.doi.org/10.1002/9781119115151}
}
@InBook{geodata,
  title = {Geocomputation with {{R}}},
  chapter = {Geographic data in {R}},
  publisher = {{CRC Press}},
  author = {Lovelace, Robin and Nowosad, Jakub and Muenchow, Jannes},
  year = {2019},
  series = {R Series},
  url = {https://geocompr.robinlovelace.net/spatial-class.html}
}