Click Tidy to clean up the entries below      
@Book{Openshaw_Abrahart_2000,
	title        = {Geocomputation},
	editor       = {{Abrahart}, {Robert J.} and {Openshaw}, {Stan} and {Abrahart}, {Robert J.} and {See}, {Linda M.}},
	year         = 2000,
	month        = {05},
	date         = {2000-05-04},
	publisher    = {CRC Press},
	doi          = {10.4324/9780203305805},
	url          = {http://dx.doi.org/10.4324/9780203305805}
}
  
@Book{Lovelance_et_al_2019,
	title        = {Geocomputation with {{R}}},
	isbn         = {1-138-30451-4},
	abstract     = {Book on geographic data with R.},
	publisher    = {{CRC Press}},
	author       = {Lovelace, Robin and Nowosad, Jakub and Muenchow, Jannes},
	year         = 2019,
	series       = {R Series}
}


@Book{cressie1993,
	title        = {Statistics for Spatial Data},
	author       = {{Cressie}, {Noel A. C.}},
	year         = 1993,
	month        = {09},
	date         = {1993-09-10},
	publisher    = {John Wiley and Sons, Inc.},
	doi          = {10.1002/9781119115151},
	url          = {http://dx.doi.org/10.1002/9781119115151}
}

@Book{Fernandez_et_al_2021,
	title        = {Estadística Espacial con {R}},
	publisher    = {Online},
	author       = {Fernández Casal, Rubén and Cotos Yáñez, Tomás},
	year         = 2021,
	url          = {https://rubenfcasal.github.io/estadistica_espacial/}
}


@Article{bivpir15,
	title        = {Comparing Implementations of Estimation Methods for Spatial Econometrics},
	author       = {Bivand and Gianfranco Piras},
	journal      = {Journal of Statistical Software},
	year         = 2015,
	volume       = 63,
	number       = 18,
	pages        = {1--36},
	url          = {https://www.jstatsoft.org/v63/i18/}
}
 
 
@Book{montero_el_al_2011,
	title        = {Geoestadística espacial y espacio-temporal: vino nuevo, cepas viejas},
	author       = {{Montero}, {J.M.} and {Fernández-Avilés}, {G.} and {Mateu}, {J.} and {Porcu}, {E}},
	year         = 2011,
	publisher    = {Riobóo and Riobóo (Eds.) Historia de la Probabilidad y la Estadística},
	pages        = {163--178},
	isbn         = {978-84-938774-9-1}
}
 

 
@Manual{R-crsuggest,
	title        = {{crsuggest}: Obtain Suggested Coordinate Reference System Information for Spatial Data},
	author       = {Kyle Walker},
	year         = 2021,
	note         = {R package version 0.3.1}
}
  
@Article{rees1998,
	title        = {Guest Editorial},
	author       = {{Rees}, {P} y {Turton}, {I}},
	year         = 1998,
	month        = 10,
	date         = {1998-10},
	journal      = {Environment and Planning A: Economy and Space},
	pages        = {1835--1838},
	volume       = 30,
	number       = 10,
	doi          = {10.1068/a301835},
	url          = {http://dx.doi.org/10.1068/a301835},
	langid       = {en}
}

@Book{Openshaw_Abrahart_1997,
	title        = {Artificial Intelligence in Geography},
	author       = {Openshaw, S. y Openshaw, Ch.},
	year         = 1997,
	month        = {07},
	date         = {1997-07-10},
	publisher    = {John Wiley and Sons, Inc.},
	url          = {https://www.wiley.com/en-us/Artificial+Intelligence+in+Geography-p-9780471969914}
}

@book{openshaw_artificial_1997,
	address      = {Chichester ; New York},
	title        = {Artificial intelligence in geography},
	isbn         = {978-0-471-96991-4},
	publisher    = {John Wiley and Sons},
	author       = {Openshaw, Stan and Openshaw, Christine},
	year         = 1997,
	keywords     = {Artificial intelligence, Data processing, Geography}
}

@Manual{R-climaemet,
	title        = {{climaemet}: Climate {AEMET} Tools},
	author       = {Manuel Pizarro and Diego Hernangómez and Gema Fernández-Avilés},
	abstract     = {The goal of climaemet is to serve as an interface to download the climatic data of the Spanish Meteorological Agency (AEMET) directly from R using their API (https://opendata.aemet.es/) and create scientific graphs (climate charts, trend analysis of climate time series, temperature and precipitation anomalies maps, “warming stripes” graphics, climatograms, etc.).},
	year         = 2021,
	month        = 8,
	url          = {http://hdl.handle.net/10261/250390},
	doi          = {10.5281/zenodo.5205573},
	keywords     = {Climate, Rcran,  Tools, Graphics, Interpolation, Maps}
}


@Article{spatstat_2005,
	title        = {{spatstat}: An {R} Package for Analyzing Spatial Point Patterns},
	author       = {Adrian Baddeley and Rolf Turner},
	journal      = {Journal of Statistical Software},
	year         = 2005,
	volume       = 12,
	number       = 6,
	pages        = {1--42},
	doi          = {10.18637/jss.v012.i06}
}
  
@Manual{rmapspain,
	title        = {{mapSpain}: Administrative Boundaries of {Spain}},
	author       = {Diego Hernangómez},
	year         = 2022,
	doi          = {10.5281/zenodo.5366622},
	url          = {https://ropenspain.github.io/mapSpain/},
	version      = {0.5.0}
}

