@Book{Openshaw_Abrahart_2000,
    author = {Openshaw, S. y Abrahart, R. (eds.)},
    title = {Geocomputation},
    year = {2000},
    publisher = {CRC Press, New York},
    url = {https://asdar-book.org/},
  }
  
@Book{@Lovelance_et_al_2019,
    author = {Lovelace,R., Nowosad, J. y Muenchow, J.},
    title = {Geocomputation with R},
    year = {2019},
    publisher = {Chapman \& Hall/CRC The R Series, New York},
    url = {https://bookdown.org/robinlovelace/geocompr/},
  }


@Manual{rlang21,
  title = {R: A Language and Environment for Statistical Computing},
  author = {{R Core Team}},
  organization = {R Foundation for Statistical Computing},
  address = {Vienna, Austria},
  year = {2021},
  url = {https://www.R-project.org/},
}
@Article{bivpir15,
  title = {Comparing Implementations of Estimation Methods for Spatial Econometrics},
  author = {Roger Bivand and Gianfranco Piras},
  journal = {Journal of Statistical Software},
  year = {2015},
  volume = {63},
  number = {18},
  pages = {1--36},
  url = {https://www.jstatsoft.org/v63/i18/},
}
  
